<?xml version="1.0" encoding="UTF-8"?><record xmlns="http://www.loc.gov/MARC21/slim" xmlns:cinclude="http://apache.org/cocoon/include/1.0" xmlns:zs="http://www.loc.gov/zing/srw/">
  <leader>00589nz  a2200169n  4500</leader>
  <controlfield tag="001">no2010033160</controlfield>
  <controlfield tag="003">DLC</controlfield>
  <controlfield tag="005">20100301142033.0</controlfield>
  <controlfield tag="008">100225n| acannaabn          |a aaa      </controlfield>
  <datafield tag="010" ind1=" " ind2=" ">
    <subfield code="a">no2010033160</subfield>
  </datafield>
  <datafield tag="035" ind1=" " ind2=" ">
    <subfield code="a">(OCoLC)oca08407061</subfield>
  </datafield>
  <datafield tag="040" ind1=" " ind2=" ">
    <subfield code="a">Nz</subfield>
    <subfield code="b">eng</subfield>
    <subfield code="c">Nz</subfield>
  </datafield>
  <datafield tag="100" ind1="1" ind2=" ">
    <subfield code="a">Harding, Mike,</subfield>
    <subfield code="d">1960-</subfield>
  </datafield>
  <datafield tag="400" ind1="1" ind2=" ">
    <subfield code="a">Harding, M. A.</subfield>
    <subfield code="q">(Mike Arthur),</subfield>
    <subfield code="d">1960-</subfield>
  </datafield>
  <datafield tag="670" ind1=" " ind2=" ">
    <subfield code="a">Canterbury land protection strategy, 2009:</subfield>
    <subfield code="b">t.p. (M.A. Harding)</subfield>
  </datafield>
  <datafield tag="670" ind1=" " ind2=" ">
    <subfield code="a">NZ files, Feb. 17, 2010</subfield>
    <subfield code="b">(x-ref.: Harding, Mike Arthur, 1960-)</subfield>
  </datafield>
  <datafield tag="670" ind1=" " ind2=" ">
    <subfield code="a">NZ database, Feb. 17, 2010</subfield>
    <subfield code="b">(usage: Mike Harding, Mike A. Harding, M.A. Harding)</subfield>
  </datafield>
</record>